@article{nelson_mateas_roberts_isbell_2006,
 title = {{Declarative Optimization-based Drama Management in Interactive Fiction}},
 volume = {26},
 doi = {10.1109/mcg.2006.55},
 number = {3},
 journal = {IEEE Computer Graphics and Applications},
 author = {Nelson, M.j. and Mateas, M. and Roberts, D.l. and Isbell, C.l.},
 year = {2006},
 pages = {32–41},
}

@article{roberts_isbell_2014,
 title = {{Lessons on Using Computationally Generated Influence for Shaping Narrative Experiences}},
 volume = {6},
 doi = {10.1109/tciaig.2013.2287154},
 number = {2},
 journal = {IEEE Transactions on Computational Intelligence and AI in Games},
 author = {Roberts, David L. and Isbell, Charles L.},
 year = {2014},
 pages = {188–202},
}

@article{ryan_2009,
 title = {{From Narrative Games to Playable Stories: Toward a Poetics of Interactive Narrative}},
 volume = {1},
 doi = {10.1353/stw.0.0003},
 number = {1},
 journal = {StoryWorlds: A Journal of Narrative Studies},
 author = {Ryan, Marie-Laure},
 year = {2009},
 pages = {43–59},
}

@article{sharma_ontañón_mehta_ram_2010,
 title = {{Drama Management and Player Modeling for Interactive Fiction Games}},
 volume = {26},
 doi = {10.1111/j.1467-8640.2010.00355.x},
 number = {2},
 journal = {Computational Intelligence},
 author = {Sharma, Manu and Ontañón, Santiago and Mehta, Manish and Ram, Ashwin},
 year = {2010},
 pages = {183–211},
}

@misc{hernandez_2016, title={The Internet Loves Making Fun Of Fallout 4's Preston Garvey}, url={https://www.kotaku.com.au/2016/01/the-internet-loves-making-fun-of-fallout-4s-preston-garvey/}, journal={Kotaku Australia}, publisher={Kotaku Australia}, author={Hernandez, Patricia}, year={2016}, month={Jan}}

@misc{renpy,
 author = {Tom},
 title = {What Is Ren'Py?},
 url = {https://www.renpy.org/},
 year = {2018} 
}

@misc{python,
 title = {Python},
 url = {https://www.python.org},
 year = {2018},
 author = {python},
}

@misc{unity,
 title = {unity},
 url = {https://unity3d.com},
 year = {2018},
 author = {unity},
}

@misc{got,
 title = {Game of Thrones},
 url = {https://www.hbo.com/game-of-thrones},
 year = {2018},
 author = {HBO},
}

@misc{radiantAI,
 title = {Radiant AI},
 url = {https://en.wikipedia.org/wiki/Radiant_AI},
 year = {2018},
 author = {HBO},
}

@misc{skyrim,
 title = {Elder Scrolls Skyrim},
 url = {https://elderscrolls.bethesda.net},
 year = {2018},
 author = {Bethesda},
} 
